@online{Quinnipiac,
  author = {{Quinnipiac University Poll Institute}},
  title = {First-Timers Put {Trump} Ahead In Iowa GOP Caucus, {Quinnipiac University} Poll Finds; Sanders Needs First-Timers To Tie {Clinton} In {Dem} Caucus},
  year = 2016,
  url = {http://www.quinnipiac.edu/images/polling/ia/ia02012016\_Ifsmb28.pdf},
  urldate = {2016-03-18}
}

@article{Tukey:1951,
  author = {Tukey, John W},
  title = {Quick and dirty methods in statistics. {Part II}. {Simple} analyses for standard designs},
  journal = {Proceedings of the 5th Annual Convention},
  year = {1951},
  pages = {189--197}
}