%% Created using Papers on Fri, 30 Jun 2017.
%% http://papersapp.com/papers/

@article{Uhls:2012gf,
author = {Uhls, Yalda T and Greenfield, Patricia M},
title = {{The value of fame: preadolescent perceptions of popular media and their relationship to future aspirations.}},
journal = {Developmental psychology},
year = {2012}
}

@article{Fithian:2014ws,
author = {Fithian, William and Sun, Dennis L and Taylor, Jonathan E},
title = {{Optimal Inference After Model Selection}},
journal = {arXiv.org},
year = {2014},
eprint = {1410.2597v2},
eprinttype = {arxiv},
eprintclass = {math.ST},
month = oct
}

@article{Bjornstad:1981gx,
author = {Bj{\o}rnstad, Jan F},
title = {{A Class of Schur Procedures and Minimax Theory for Subset Selection}},
journal = {The Annals of Statistics},
year = {1981},
volume = {9},
number = {4},
pages = {777--791},
month = jul
}

@article{Gupta:1967wg,
author = {Gupta, Shanti Swarup and Nagel, Klaus},
title = {{On selection and ranking procedures and order statistics from the multinomial distribution}},
journal = {Sankhy{\=a}: The Indian Journal of Statistics},
year = {1967},
volume = {29}
}

@article{Gupta:1985bj,
author = {Gupta, Shanti Swarup and Panchapakesan, S},
title = {{Subset Selection Procedures: Review and Assessment}},
journal = {American Journal of Mathematical and Management Sciences},
year = {1985},
volume = {5},
number = {3-4},
pages = {235--311},
month = feb
}

@phdthesis{Fithian:2V22WIBP,
author = {Fithian, William},
title = {{Topics in Adaptive Inference}},
year = {2015},
address = {Stanford University},
month = jun
}

@article{Berger:1980ev,
author = {Berger, Roger L},
title = {{Minimax subset selection for the multinomial distribution}},
journal = {Journal of Statistical Planning and Inference},
year = {1980},
volume = {4},
number = {4},
pages = {391--402}
}

@techreport{Gupta:1976vd,
author = {Gupta, Shanti Swarup and Wong, Wing-Yue},
title = {{On Subset Selection Procedures for Poisson Processes and Some Applications to the Binomial and Multinomial Problems}},
year = {1976},
month = jul
}

@book{Marshall:2010hb,
author = {Marshall, Albert W and Olkin, Ingram and Arnold, Barry},
title = {{Inequalities: Theory of Majorization and Its Applications}},
publisher = {Springer},
year = {2010},
series = {Springer Series in Statistics},
address = {New York, NY},
month = dec
}

@techreport{Gupta:1971wk,
author = {Gupta, Shanti Swarup and Panchapakesan, S},
title = {{On Multiple Decision (Subset Selection) Procedures}},
institution = {Purdue University},
year = {1971},
month = dec
}

@article{Gupta:1989fe,
author = {Gupta, Shanti Swarup and Liang, TaChen},
title = {{Selecting the best binomial population: parametric empirical Bayes approach}},
journal = {Journal of Statistical Planning and Inference},
year = {1989},
volume = {23},
number = {1},
pages = {21--31}
}

@article{Ng:2007cn,
author = {Ng, H K T and Panchapakesan, S},
title = {{Is the selected multinomial cell the best?}},
journal = {Sequential Analysis},
year = {2007},
volume = {26},
pages = {415--423}
}

@article{Maymin:1992fz,
author = {Maymin, Zakhar and Gutmann, Sam},
title = {{Testing retrospective hypotheses}},
journal = {The Canadian Journal of Statistics. La Revue Canadienne de Statistique},
year = {1992},
volume = {20},
number = {3},
pages = {335--345}
}

@article{Fithian:2015uj,
author = {Fithian, William and Taylor, Jonathan E and Tibshirani, Ryan J},
title = {{Selective Sequential Model Selection}},
journal = {arXiv.org},
year = {2015},
eprint = {1512.02565v1},
eprinttype = {arxiv},
eprintclass = {stat.ME},
month = dec
}

@incollection{Gupta:1984fw,
author = {Gupta, Shanti Swarup and Huang, Deng-Yuan and Panchapakesan, S},
title = {{On some inequalities and monotonicity results in selection and ranking theory}},
booktitle = {Inequalities in statistics and probability (Lincoln, Neb., 1982)},
year = {1984},
pages = {211--227},
publisher = {Inst. Math. Statist., Hayward, CA},
address = {Hayward, CA}
}

@article{Edwards:1983eo,
author = {Edwards, Donald G and Hsu, Jason C},
title = {{Multiple comparisons with the best treatment}},
journal = {Journal of the American Statistical Association},
year = {1983},
volume = {78},
number = {384},
pages = {965--971}
}

@article{Karnnan:2009iv,
author = {Karnnan, Nandini and Panchapakesan, S},
title = {{Does the Selected Normal Population Have the Smallest Variance?}},
journal = {American Journal of Mathematical and Management Sciences},
year = {2009},
volume = {29},
number = {1-2},
pages = {109--123}
}

@article{Benjamini:2008kj,
author = {Benjamini, Yoav and Heller, Ruth},
title = {{Screening for partial conjunction hypotheses}},
journal = {Biometrics},
year = {2008}
}

@article{Gutmann:1987fk,
author = {Gutmann, Sam and Maymin, Zakhar},
title = {{Is the selected population the best?}},
journal = {The Annals of Statistics},
year = {1987},
volume = {15},
number = {1},
pages = {456--461}
}

@incollection{Stefansson:1988wj,
author = {Stefansson, Gunnar and Kim, Woo-Chul and Hsu, Jason C},
title = {{On confidence sets in multiple comparisons}},
booktitle = {Statistical Decision Theory and Related Topics IV},
year = {1988},
pages = {89--104},
publisher = {{\ldots} Decision Theory and {\ldots}}
}

@article{Bofinger:1991hv,
author = {Bofinger, Eve},
title = {{Selecting {\textquotedblleft}Demonstrably best{\textquotedblright} or {\textquotedblleft}Demonstrably worst{\textquotedblright} exponential population}},
journal = {Australian Journal of Statistics},
year = {1991},
volume = {33},
number = {2},
pages = {183--190},
month = jun
}

@article{Wilkinson:1951id,
author = {Wilkinson, Bryan},
title = {{A statistical consideration in psychological research.}},
journal = {Psychological Bulletin},
year = {1951},
volume = {48},
number = {2},
pages = {156--158},
month = mar
}

@article{Berger:1982hy,
author = {Berger, Roger L},
title = {{Multiparameter hypothesis testing and acceptance sampling}},
journal = {Technometrics},
year = {1982}
}

@article{Hsu:1984gb,
author = {Hsu, Jason C},
title = {{Constrained Simultaneous Confidence Intervals for Multiple Comparisons with the Best}},
journal = {The Annals of Statistics},
year = {1984},
volume = {12},
number = {3},
pages = {1136--1144},
month = sep
}

@inproceedings{Kim:2007co,
author = {Kim, Seong-Hee and Nelson, Barry L},
title = {{Recent advances in ranking and selection}},
booktitle = {Winter Simulation Conference},
year = {2007},
pages = {162--172},
publisher = {IEEE}
}

@article{Finner:2002ju,
author = {Finner, H and Strassburger, K},
title = {{The partitioning principle: a powerful tool in multiple decision theory}},
journal = {The Annals of Statistics},
year = {2002},
volume = {30},
number = {4},
pages = {1194--1213}
}

@article{Nettleton:2009ht,
author = {Nettleton, Dan},
title = {{Testing for the supremacy of a multinomial cell probability}},
journal = {Journal of the American Statistical Association},
year = {2009},
volume = {104},
number = {487},
pages = {1052--1059},
month = sep
}

@book{Hsu:1996,
  title={Multiple comparisons: theory and methods},
  author={Hsu, Jason},
  year={1996},
  publisher={CRC Press}
}

@misc{Alikhani:2011,
author = {Alikhani, Lida},
title = {Study: Tween {TV} today is all about fame},
journal = {CNN},
year = {2011},
url = {http://thechart.blogs.cnn.com/2011/08/05/study-tweens-aim-for-fame-above-all-else/},
urldate = {2016-07-26}
}

@misc{Quinnipiac,
  author = {{Quinnipiac University Poll Institute}},
  title = {First-Timers Put {Trump} Ahead In {Iowa} {GOP} Caucus, {Quinnipiac University} Poll Finds; {Sanders} Needs First-Timers To Tie {Clinton} In {Dem} Caucus},
  year = 2016,
  url = {http://www.quinnipiac.edu/images/polling/ia/ia02012016\_Ifsmb28.pdf},
  urldate = {2016-03-18}
}

@article{Tukey:1951,
  author = {Tukey, John W},
  title = {Quick and dirty methods in statistics. {Part II}. {Simple} analyses for standard designs},
  journal = {Proceedings of the 5th Annual Convention},
  year = {1951},
  pages = {189--197}
}

@article{Besag:1989,
  title={Generalized monte carlo significance tests},
  author={Besag, Julian and Clifford, Peter},
  journal={Biometrika},
  volume={76},
  number={4},
  pages={633--642},
  year={1989},
  publisher={Biometrika Trust}
}
